@preamble{ "\newcommand{\noopsort}[1]{} "
	# "\newcommand{\printfirst}[2]{#1} "
	# "\newcommand{\singleletter}[1]{#1} "
	# "\newcommand{\switchargs}[2]{#2#1} " }

@article{hammer2010oauth,
  title={The oauth 1.0 protocol},
  author={Hammer-Lahav, Eran},
  year={2010}
}

@article{fielding2000representational,
  title={Representational state transfer},
  author={Fielding, Roy},
  journal={Architectural Styles and the Design of Netowork-based Software Architecture},
  pages={76--85},
  year={2000}
}

@article{rdf,
  title={Resource description framework (RDF): Concepts and abstract syntax},
  author={Klyne, Graham and Carroll, Jeremy J and McBride, Brian},
  journal={W3C recommendation},
  volume={10},
  year={2004}
}

@article{owl,
  title={OWL web ontology language overview},
  author={McGuinness, Deborah L and Van Harmelen, Frank and others},
  journal={W3C recommendation},
  volume={10},
  number={2004-03},
  pages={10},
  year={2004}
}

@article{owl_semantics,
  title={From SHIQ and RDF to OWL: The making of a web ontology language},
  author={Horrocks, Ian and Patel-Schneider, Peter F and Van Harmelen, Frank},
  journal={Web semantics: science, services and agents on the World Wide Web},
  volume={1},
  number={1},
  pages={7--26},
  year={2003},
  publisher={Elsevier}
}

@article{dublin_core,
  title={The Dublin Core: a simple content description model for electronic resources},
  author={Weibel, Stuart},
  journal={Bulletin of the American Society for Information Science and Technology},
  volume={24},
  number={1},
  pages={9--11},
  year={1997},
  publisher={Wiley Online Library}
}

@article{sioc,
  title={SIOC: an approach to connect web-based communities},
  author={Breslin, John G and Decker, Stefan and Harth, Andreas and Bojars, Uldis},
  journal={International Journal of Web Based Communities},
  volume={2},
  number={2},
  pages={133--142},
  year={2006},
  publisher={Inderscience}
}

@inproceedings{denney2009pharma,
  title={Creating a Translational Medicine Ontology},
  author={Denney, Christine and Batchelor, Colin and Bodenreider, Olivier and Cheng, Sam and Hart, John and Hill, John and Madden, John and Musen, Mark and Pichler, Elgar and Samwald, Matthias and others},
  booktitle={International Conference on Biomedical Ontology},
  volume={24},
  year={2009}
}

@incollection{goodrelations,
  title={Goodrelations: An ontology for describing products and services offers on the web},
  author={Hepp, Martin},
  booktitle={Knowledge Engineering: Practice and Patterns},
  pages={329--346},
  year={2008},
  publisher={Springer}
}

@article{sparql,
  title={SPARQL query language for RDF},
  author={Prud’Hommeaux, Eric and Seaborne, Andy and others},
  journal={W3C recommendation},
  volume={15},
  year={2008}
}

@article{json,
  title={The application/json media type for javascript object notation (json)},
  author={Crockford, Douglas},
  year={2006}
}

@article{jsonld,
  title={JSON-LD 1.0-A JSON-based Serialization for Linked Data},
  author={Sporny, M and Kellogg, G and Lanthaler, M},
  journal={W3C Working Draft},
  year={2013}
}

@article{rdfa,
  title={RDFa in XHTML: Syntax and processing},
  author={Adida, Ben and Birbeck, Mark and McCarron, Shane and Pemberton, Steven},
  journal={Recommendation, W3C},
  year={2008}
}

@inproceedings{webid,
  title={Using rdf metadata to enable access control on the social semantic web},
  author={Hollenbach, James and Presbrey, Joe and Berners-Lee, Tim},
  booktitle={Proceedings of the Workshop on Collaborative Construction, Management and Linking of Structured Knowledge (CK2009)},
  volume={514},
  year={2009}
}

@techreport{holtman1998transparent,
  title={Transparent content negotiation in HTTP},
  author={Holtman, Koen and Mutz, Andrew},
  year={1998},
  institution={RFC 2295, March}
}

@misc{fielding2005httprange,
  title={HttpRange-14 Resolved},
  author={Fielding, R},
  year={2005}
}

@inproceedings{soa,
  title={Service-oriented computing: Concepts, characteristics and directions},
  author={Papazoglou, Mike P},
  booktitle={Web Information Systems Engineering, 2003. WISE 2003. Proceedings of the Fourth International Conference on},
  pages={3--12},
  year={2003},
  organization={IEEE}
}

@article{orchestration_choreography,
  title={Insights into web service orchestration and choreography},
  author={Daniel, Florian and Pernici, Barbara},
  journal={International Journal of E-Business Research (IJEBR)},
  volume={2},
  number={1},
  pages={58--77},
  year={2006},
  publisher={IGI Global}
}

@inproceedings{hoschek2002web,
  title={The web service discovery architecture},
  author={Hoschek, Wolfgang},
  booktitle={Supercomputing, ACM/IEEE 2002 Conference},
  pages={38--38},
  year={2002},
  organization={IEEE}
}

@inproceedings{viering2009lacking,
  title={The (Lacking) Business Perspective on SOA-Critical Themes in SOA Research.},
  author={Viering, Goetz and Legner, Christine and Ahlemann, Frederik},
  booktitle={Wirtschaftsinformatik (1)},
  pages={45--54},
  year={2009},
  organization={Citeseer}
}

@misc{soap,
  title={Simple object access protocol (SOAP) 1.1},
  author={Box, Don and Ehnebuske, David and Kakivaya, Gopal and Layman, Andrew and Mendelsohn, Noah and Nielsen, Henrik Frystyk and Thatte, Satish and Winer, Dave},
  year={2000}
}


@misc{wsdl,
  title={Web services description language (WSDL) 1.1},
  author={Christensen, Erik and Curbera, Francisco and Meredith, Greg and Weerawarana, Sanjiva and others},
  year={2001}
}

@misc{uddi,
  title={UDDI: Universal Description, Discovery and Integration},
  author={UDDI Consortium and others}
}

@misc{wscdl,
  title={et all,“Web Services Choreography Description Language Version 1.0 (WS-CDL)”, W3C},
  author={Kavantzas, N and Burdett, D},
  year={2005}
}

@misc{wsbpel,
  title={Web Services Business Process Execution Language},
  author={OASIS, BPEL},
  year={2007},
  publisher={April}
}


@article{jian2008design,
  title={Design and Implement of ERP System Based on SOA and OSS},
  author={Jian-wen, FENG},
  journal={Modern Computer},
  volume={5},
  pages={034},
  year={2008}
}

@inproceedings{li2009research,
  title={Research and Design on the Refinery ERP and EERP Based on SOA and the Component Oriented Technology},
  author={Li, Baoan and Li, Mingxing},
  booktitle={Networking and Digital Society, 2009. ICNDS'09. International Conference on},
  volume={1},
  pages={85--88},
  year={2009},
  organization={IEEE}
}

@article{esb,
  title={The enterprise service bus: making service-oriented architecture real},
  author={Schmidt, M-T and Hutchison, Beth and Lambros, Peter and Phippen, Rob},
  journal={IBM Systems Journal},
  volume={44},
  number={4},
  pages={781--797},
  year={2005},
  publisher={IBM}
}

@article{xmlrpc,
  title={An evaluation of XML-RPC},
  author={Allman, Mark},
  journal={ACM sigmetrics performance evaluation review},
  volume={30},
  number={4},
  pages={2--11},
  year={2003},
  publisher={ACM}
}

@techreport{berners1997axioms,
  title={Axioms of Web architecture},
  author={Berners-Lee, Tim},
  year={1997},
  institution={Technical report, W3C, December 1996. http://www. w3. org/DesignIssues/Axioms. html}
}

@inproceedings{pautasso2008restful,
  title={Restful web services vs. big'web services: making the right architectural decision},
  author={Pautasso, Cesare and Zimmermann, Olaf and Leymann, Frank},
  booktitle={Proceedings of the 17th international conference on World Wide Web},
  pages={805--814},
  year={2008},
  organization={ACM}
}

@misc{wadl,
  title={WADL: The REST answer to WSDL},
  author={Rubio, Daniel},
  journal={2007-07-24. http://searchsoa. techtarget. com/tip/0, 289483, sid26\_gci1265367, 00. html},
  year={2007}
}

@article{takase2008definition,
  title={Definition languages for RESTful Web services: WADL vs. WSDL 2.0},
  author={Takase, Toshiro and Makino, Satoshi and Kawanaka, Shinya and Ueno, Ken and Ferris, Christopher and Ryman, Arthur},
  journal={IBM Reasearch},
  year={2008}
}

@article{murugesan2007understanding,
  title={Understanding Web 2.0},
  author={Murugesan, San},
  journal={IT professional},
  volume={9},
  number={4},
  pages={34--41},
  year={2007},
  publisher={IEEE}
}

@article{halpin2008beyond,
  title={Beyond walled gardens: Open standards for the social web},
  author={Halpin, Harry},
  journal={SDOW2008, Karlsruhe},
  year={2008}
}

@inproceedings{lanthaler2010towards,
  title={Towards a RESTful service ecosystem},
  author={Lanthaler, Markus and Gutl, C},
  booktitle={Digital Ecosystems and Technologies (DEST), 2010 4th IEEE International Conference on},
  pages={209--214},
  year={2010},
  organization={IEEE}
}

@article{wsil,
  title={Web services inspection language (WS-Inspection) 1.0},
  author={Ballinger, Keith and Brittenham, Peter and Malhotra, Ashok and Nagy, William A and Pharies, Stefan},
  journal={IBM, Microsoft},
  year={2001}
}


@inproceedings{jara2012light,
  title={Light-weight multicast DNS and DNS-SD (lmDNS-SD): IPv6-based resource and service discovery for the Web of Things},
  author={Jara, Antonio J and Martinez-Julia, Pedro and Skarmeta, Antonio},
  booktitle={Innovative Mobile and Internet Services in Ubiquitous Computing (IMIS), 2012 Sixth International Conference on},
  pages={731--738},
  year={2012},
  organization={IEEE}
}

@inproceedings{verborgh2011description,
  title={Description and interaction of RESTful services for automatic discovery and execution},
  author={Verborgh, Ruben and Steiner, Thomas and Van Deursen, Davy and De Roo, Jos and Van de Walle, Rik and Vall{\'e}s, Joaquim Gabarro},
  booktitle={2011 FTRA International workshop on Advanced Future Multimedia Services (AFMS 2011)},
  year={2011},
  organization={Future Technology Research Association International (FTRA)}
}

@techreport{umbrich2009discovering,
  title={Discovering resources on the web},
  author={Umbrich, J{\"u}rgen and Hausenblas, Michael and Archer, Phil and Hammer-Lahav, Eran and Wilde, Erik},
  year={2009},
  institution={Technical Report, DERI}
}

@article{lrdd,
  title={Link-based Resource Descriptor Discovery},
  author={Hammer-Lahav, Eran},
  journal={draft-hammer-discovery-03 (work in progress)},
  year={2009}
}

@article{pautasso2010restful,
  title={RESTful Business Process Management},
  author={Pautasso, Cesare},
  year={2010}
}

@article{zur2005developing,
  title={Developing web services choreography standards—the case of REST vs. SOAP},
  author={Zur Muehlen, Michael and Nickerson, Jeffrey V and Swenson, Keith D},
  journal={Decision Support Systems},
  volume={40},
  number={1},
  pages={9--29},
  year={2005},
  publisher={Elsevier}
}

@article{mashups,
  title={Services mashups: The new generation of web applications},
  author={Benslimane, Djamal and Dustdar, Schahram and Sheth, Amit},
  journal={Internet Computing, IEEE},
  volume={12},
  number={5},
  pages={13--15},
  year={2008},
  publisher={IEEE}
}

@book{yahoo_pipes,
  title={Yahoo! pipes},
  author={Pruett, Mark},
  year={2007},
  publisher={O'Reilly}
}

@inproceedings{sabbouh2007web,
  title={Web mashup scripting language},
  author={Sabbouh, Marwan and Higginson, Jeff and Semy, Salim and Gagne, Danny},
  booktitle={Proceedings of the 16th international conference on World Wide Web},
  pages={1305--1306},
  year={2007},
  organization={ACM}
}

@incollection{alarcon2011hypermedia,
  title={Hypermedia-driven RESTful service composition},
  author={Alarcon, Rosa and Wilde, Erik and Bellido, Jesus},
  booktitle={Service-Oriented Computing},
  pages={111--120},
  year={2011},
  publisher={Springer}
}

@inproceedings{liskin2011teaching,
  title={Teaching old services new tricks: adding HATEOAS support as an afterthought},
  author={Liskin, Olga and Singer, Leif and Schneider, Kurt},
  booktitle={Proceedings of the Second International Workshop on RESTful Design},
  pages={3--10},
  year={2011},
  organization={ACM}
}

@misc{hayes2004rdf,
  title={RDF semantics},
  author={Hayes, Patrick and McBride, Brian},
  year={2004}
}

@article{beckett2004rdf,
  title={RDF/XML syntax specification (revised)},
  author={Beckett, Dave and McBride, Brian},
  journal={W3C recommendation},
  volume={10},
  year={2004}
}

@article{n3,
  title={Notation3 (N3): A readable RDF syntax},
  author={Berners-Lee, Tim and Connolly, Dan},
  journal={W3C Team Submission (January 2008) http://www. w3. org/TeamSubmission},
  number={3},
  year={1998}
}

@article{turtle,
  title={Turtle-terse RDF triple language},
  author={Beckett, David and Berners-Lee, Tim},
  journal={W3C Team Submission},
  volume={14},
  year={2008}
}

@incollection{perez2006semantics,
  title={Semantics and Complexity of SPARQL},
  author={P{\'e}rez, Jorge and Arenas, Marcelo and Gutierrez, Claudio},
  booktitle={The Semantic Web-ISWC 2006},
  pages={30--43},
  year={2006},
  publisher={Springer}
}

@article{sparql11,
  title={SPARQL 1.1 Update},
  author={Gearon, Paul and Passant, Alexandre and Polleres, Axel},
  journal={Working draft WD-sparql11-update-20110512, W3C (May 2011)},
  year={2011}
}

@article{rdfs,
  title={$\{$RDF vocabulary description language 1.0: RDF schema$\}$},
  author={Brickley, Dan and Guha, Ramanathan V},
  year={2004}
}

@incollection{owl_dl_reduction,
  title={Reducing OWL entailment to description logic satisfiability},
  author={Horrocks, Ian and Patel-Schneider, Peter F},
  booktitle={The Semantic Web-ISWC 2003},
  pages={17--29},
  year={2003},
  publisher={Springer}
}

@article{owl2,
  title={OWL 2 web ontology language: Structural specification and functional-style syntax},
  author={Motik, Boris and Patel-Schneider, Peter F and Parsia, Bijan and Bock, Conrad and Fokoue, Achille and Haase, Peter and Hoekstra, Rinke and Horrocks, Ian and Ruttenberg, Alan and Sattler, Uli and others},
  journal={W3C recommendation},
  volume={27},
  pages={17},
  year={2009}
}

@article{owl2_profiles,
  title={Owl 2 web ontology language: Profiles},
  author={Motik, Boris and Grau, Bernardo Cuenca and Horrocks, Ian and Wu, Zhe and Fokoue, Achille and Lutz, Carsten},
  journal={W3C recommendation},
  volume={27},
  pages={61},
  year={2009}
}

@inproceedings{sirin2007sparql,
  title={SPARQL-DL: SPARQL Query for OWL-DL.},
  author={Sirin, Evren and Parsia, Bijan},
  booktitle={OWLED},
  volume={258},
  year={2007}
}

@article{glimm2009sparql,
  title={SPARQL. entailment regimes. WC Working Draft},
  author={Glimm, Birte and Parsia, Bijan},
  journal={World Wide Web Consortium (WC), June,.: http://www. w3. org/TR/2009/WD-sparql11-entailment-20100601/.(Cit. on p.)}
}

@techreport{yars,
  title={Yet Another RDF Store: Perfect Index Structures for Storing Semantic Web Data With Contexts},
  author={Harth, Andreas and Decker, Stefan},
  year={2004},
  institution={DERI Technical Report}
}

@inproceedings{rohloff2010high,
  title={High-performance, massively scalable distributed systems using the mapreduce software framework: The shard triple-store},
  author={Rohloff, Kurt and Schantz, Richard E},
  booktitle={Programming Support Innovations for Emerging Distributed Applications},
  pages={4},
  year={2010},
  organization={ACM}
}

@inproceedings{lanthaler2010semantic,
  title={Semantic Web services: state of the art},
  author={Lanthaler, Markus and Granitzer, Michael and G{\"u}tl, Christian},
  booktitle={Proc. of the IADIS Int. Conf. on Internet Technologies \& Society (ITS 2010), Perth, Australia},
  year={2010}
}


@article{martin2004owl,
  title={OWL-S: Semantic markup for web services},
  author={Martin, David and Burstein, Mark and Hobbs, Jerry and Lassila, Ora and McDermott, Drew and McIlraith, Sheila and Narayanan, Srini and Paolucci, Massimo and Parsia, Bijan and Payne, Terry and others},
  journal={W3C member submission},
  volume={22},
  pages={2007--04},
  year={2004}
}

@article{wsmo,
  title={Web service modeling ontology (wsmo)},
  author={Lausen, Holger and Polleres, Axel and Roman, Dumitru},
  journal={W3C Member Submission},
  volume={3},
  year={2005}
}

@incollection{wsmo_lite,
  title={Wsmo-lite annotations for web services},
  author={Vitvar, Tomas and Kopeck{\`y}, Jacek and Viskova, Jana and Fensel, Dieter},
  booktitle={The semantic web: Research and applications},
  pages={674--689},
  year={2008},
  publisher={Springer}
}

@article{sawsdl,
  title={Sawsdl: Semantic annotations for wsdl and xml schema},
  author={Kopecky, Jacek and Vitvar, Tomas and Bournez, Carine and Farrell, Joel},
  journal={Internet Computing, IEEE},
  volume={11},
  number={6},
  pages={60--67},
  year={2007},
  publisher={IEEE}
}

@inproceedings{hrests,
  title={hrests: An html microformat for describing restful web services},
  author={Kopecky, Jacek and Gomadam, Karthik and Vitvar, Tomas},
  booktitle={Web Intelligence and Intelligent Agent Technology, 2008. WI-IAT'08. IEEE/WIC/ACM International Conference on},
  volume={1},
  pages={619--625},
  year={2008},
  organization={IEEE}
}

@inproceedings{microformats,
  title={Microformats: a pragmatic path to the semantic web},
  author={Khare, Rohit and {\c{C}}elik, Tantek},
  booktitle={Proceedings of the 15th international conference on World Wide Web},
  pages={865--866},
  year={2006},
  organization={ACM}
}

@article{microwsmo,
  title={Microwsmo: Semantic description of restful services},
  author={Kopecky, Jacek and Vitvar, Tomas and Fensel, Dieter},
  journal={Online at http://www. wsmo. org/TR/d38/v0},
  volume={1},
  year={2008}
}

@article{sarest,
  title={SA-REST: semantically interoperable and easier-to-use services and mashups},
  author={Sheth, Amit P and Gomadam, Karthik and Lathem, Jon},
  journal={Internet Computing, IEEE},
  volume={11},
  number={6},
  pages={91--94},
  year={2007},
  publisher={IEEE}
}

@inproceedings{tao2010integrity,
  title={Integrity Constraints in OWL.},
  author={Tao, Jiao and Sirin, Evren and Bao, Jie and McGuinness, Deborah L},
  booktitle={AAAI},
  year={2010}
}

@article{motik2009bridging,
  title={Bridging the gap between OWL and relational databases},
  author={Motik, Boris and Horrocks, Ian and Sattler, Ulrike},
  journal={Web Semantics: Science, Services and Agents on the World Wide Web},
  volume={7},
  number={2},
  pages={74--89},
  year={2009},
  publisher={Elsevier}
}

@inproceedings{sirin2008opening,
  title={Opening, Closing Worlds-On Integrity Constraints.},
  author={Sirin, Evren and Smith, Michael and Wallace, Evan},
  booktitle={OWLED},
  year={2008}
}

@incollection{motik2006can,
  title={Can OWL and logic programming live together happily ever after?},
  author={Motik, Boris and Horrocks, Ian and Rosati, Riccardo and Sattler, Ulrike},
  booktitle={The Semantic Web-ISWC 2006},
  pages={501--514},
  year={2006},
  publisher={Springer}
}

@article{pedantic,
  title={Weaving the pedantic web},
  author={Hogan, Aidan and Harth, Andreas and Passant, Alexandre and Decker, Stefan and Polleres, Axel},
  year={2010},
  publisher={CEUR}
}

@article{old_story,
  title={Linked data-the story so far},
  author={Bizer, Christian and Heath, Tom and Berners-Lee, Tim},
  journal={International Journal on Semantic Web and Information Systems (IJSWIS)},
  volume={5},
  number={3},
  pages={1--22},
  year={2009},
  publisher={IGI Global}
}


@inproceedings{page2011rest,
  title={REST and Linked Data: a match made for domain driven development?},
  author={Page, Kevin R and De Roure, David C and Martinez, Kirk},
  booktitle={Proceedings of the Second International Workshop on RESTful Design},
  pages={22--25},
  year={2011},
  organization={ACM}
}

@article{sauermann2011cool,
  title={Cool URIs for the semantic web},
  author={Sauermann, Leo and Cyganiak, Richard and V{\"o}lkel, Max},
  year={2011}
}


@article{hausenblas2009exploiting,
  title={Exploiting linked data to build web applications},
  author={Hausenblas, Michael},
  journal={Internet Computing, IEEE},
  volume={13},
  number={4},
  pages={68--73},
  year={2009},
  publisher={IEEE}
}

@article{bizer2007publish,
  title={How to publish linked data on the web},
  author={Bizer, Chris and Cyganiak, Richard and Heath, Tom},
  journal={Retrieved June},
  volume={20},
  pages={2008},
  year={2007}
}

@article{heath2011linked,
  title={Linked data: Evolving the web into a global data space},
  author={Heath, Tom and Bizer, Christian},
  journal={Synthesis lectures on the semantic web: theory and technology},
  volume={1},
  number={1},
  pages={1--136},
  year={2011},
  publisher={Morgan \& Claypool Publishers}
}

@article{graf2007rdfa,
  title={RDFa vs. Microformats},
  author={Graf, Alexander},
  journal={Digital Enterprise Research Institute, Innsbruck},
  year={2007},
  publisher={Citeseer}
}

@article{curies,
  title={CURIE Syntax 1.0},
  author={Syntax, CURIE},
  journal={Policy},
  volume={3},
  year={2004}
}

@article{microdata,
  title={HTML microdata},
  author={Hickson, Ian},
  journal={W3C Working Draft},
  volume={24},
  year={2011}
}

@article{hickson2012microdata,
  title={Microdata to RDF: Transformation from HTML+ Microdata to RDF},
  author={Hickson, Ian and Kellogg, Gregg and Tennison, Jeni and Herman, Iv{\'a}n},
  journal={W3C Recommendation},
  year={2012}
}

@article{ronallo2012html5,
  title={HTML5 Microdata and Schema. org},
  author={Ronallo, Jason},
  journal={Code4Lib Journal},
  number={16},
  year={2012}
}

@article{sparql_protocol,
  title={SPARQL protocol for RDF},
  author={Clark, Kendall Grant and Feigenbaum, Lee and Torres, Elias},
  journal={World Wide Web Consortium (W3C) Recommendation},
  year={2008}
}

@inproceedings{wilde2009restful,
  title={RESTful SPARQL? You name it!: aligning SPARQL with REST and resource orientation},
  author={Wilde, Erik and Hausenblas, Michael},
  booktitle={Proceedings of the 4th Workshop on Emerging Web Services Technology},
  pages={39--43},
  year={2009},
  organization={ACM}
}

@article{ogbuji2011sparql,
  title={Sparql 1.1 graph store http protocol},
  author={Ogbuji, Chimezie},
  journal={W3C Working Draft},
  volume={12},
  year={2011}
}

@article{cyganiak2008pubby,
  title={Pubby-A Linked Data Frontend for SPARQL Endpoints},
  author={Cyganiak, Richard and Bizer, Chistian},
  journal={Retrieved fro m http://www4. wiwiss. fu-berlin. de/pubby/at May},
  volume={28},
  pages={2011},
  year={2008}
}

@misc{ld_api,
  title={Linked-Data API: API and formats to simplify use of linked data by web developers},
  author={Dave E. Reynolds},
  journal={2011. http://code.google.com/p/linked-data-api/wiki/Specification},
  year={2011}
}

@inproceedings{fatland2011open,
  title={Open Data Protocol (ODATA): A Practical Web Protocol For Data Query And Retrieval},
  author={FATLAND, Dennis R},
  booktitle={2011 GSA Annual Meeting in Minneapolis},
  year={2011}
}

@article{alexander2008rdf,
  title={RDF in JSON: a specification for serialising RDF in JSON},
  author={Alexander, Keith},
  journal={SFSW 2008},
  year={2008}
}

@article{r2rml,
  title={$\{$R2RML: RDB to RDF Mapping Language$\}$},
  author={Das, Souripriya and Sundara, Seema and Cyganiak, Richard},
  year={2012}
}

@article{linda,
  title={Generative communication in Linda},
  author={Gelernter, David},
  journal={ACM Transactions on Programming Languages and Systems (TOPLAS)},
  volume={7},
  number={1},
  pages={80--112},
  year={1985},
  publisher={ACM}
}

@article{nii1986blackboard,
  title={Blackboard application systems, blackboard systems and a knowledge engineering perspective},
  author={Nii, H Penny},
  journal={AI magazine},
  volume={7},
  number={3},
  pages={82},
  year={1986}
}

@article{busi2000expressiveness,
  title={On the expressiveness of Linda coordination primitives},
  author={Busi, Nadia and Gorrieri, Roberto and Zavattaro, Gianluigi},
  journal={Information and Computation},
  volume={156},
  number={1},
  pages={90--121},
  year={2000},
  publisher={Elsevier}
}

@inproceedings{bussler2005minimal,
  title={A minimal triple space computing architecture},
  author={Bussler, Christoph},
  booktitle={Proceedings of WIW},
  chapter={8},
  volume={134},
  year={2005}
}

@incollection{fensel2004triple,
  title={Triple-space computing: Semantic Web Services based on persistent publication of information},
  author={Fensel, Dieter},
  booktitle={Intelligence in Communication Systems},
  pages={43--53},
  year={2004},
  publisher={Springer}
}

@article{csp,
  title={Communicating sequential processes},
  author={Hoare, Charles Antony Richard},
  journal={Communications of the ACM},
  volume={21},
  number={8},
  pages={666--677},
  year={1978},
  publisher={ACM}
}

@book{ccs,
  title={A calculus of communicating systems},
  author={Milner, Robin},
  year={1982},
  publisher={Springer-Verlag New York, Inc.}
}

@inproceedings{ambient_calculus,
  title={Mobile ambients},
  author={Cardelli, Luca and Gordon, Andrew D},
  booktitle={Foundations of Software Science and Computation Structures},
  pages={140--155},
  year={1998},
  organization={Springer}
}

@book{pi_calculus,
  title={Communicating and mobile systems: the pi calculus},
  author={Milner, Robin},
  year={1999},
  publisher={Cambridge university press}
}

@article{milner1992functions,
  title={Functions as processes},
  author={Milner, Robin},
  journal={Mathematical structures in computer science},
  volume={2},
  number={02},
  pages={119--141},
  year={1992},
  publisher={Cambridge Univ Press}
}

@article{lucchi2007pi,
  title={A pi-calculus based semantics for WS-BPEL},
  author={Lucchi, Roberto and Mazzara, Manuel},
  journal={The Journal of logic and algebraic programming},
  volume={70},
  number={1},
  pages={96--118},
  year={2007},
  publisher={Elsevier}
}

@inproceedings{narayanan2002simulation,
  title={Simulation, verification and automated composition of web services},
  author={Narayanan, Srini and McIlraith, Sheila A},
  booktitle={Proceedings of the 11th international conference on World Wide Web},
  pages={77--88},
  year={2002},
  organization={ACM}
}

@inproceedings{bhargavan2004verifying,
  title={Verifying policy-based security for web services},
  author={Bhargavan, Karthikeyan and Fournet, C{\'e}dric and Gordon, Andrew D},
  booktitle={Proceedings of the 11th ACM conference on Computer and communications security},
  pages={268--277},
  year={2004},
  organization={ACM}
}

@incollection{busi2000process,
  title={Process calculi for coordination: From Linda to JavaSpaces},
  author={Busi, Nadia and Gorrieri, Roberto and Zavattaro, Gianluigi},
  booktitle={Algebraic Methodology and Software Technology},
  pages={198--212},
  year={2000},
  publisher={Springer}
}

@inproceedings{bessani2008depspace,
  title={DepSpace: a Byzantine fault-tolerant coordination service},
  author={Bessani, Alysson Neves and Alchieri, Eduardo Pelison and Correia, Miguel and Fraga, Joni Silva},
  booktitle={ACM SIGOPS Operating Systems Review},
  volume={42},
  number={4},
  pages={163--176},
  year={2008},
  organization={ACM}
}

@inproceedings{simperl2007coordination,
  title={A coordination model for triplespace computing},
  author={Simperl, Elena and Krummenacher, Reto and Nixon, Lyndon},
  booktitle={Coordination Models and Languages},
  pages={1--18},
  year={2007},
  organization={Springer}
}

@book{polyadic_pi,
  title={The polyadic $\pi$-calculus: a tutorial},
  author={Milner, Robin},
  year={1993},
  publisher={Springer}
}

@misc{jsonp,
  title={Cross-domain Communications with JSONP},
  author={Ozses, S and Ergul, S},
  year={2009}
}

@article{chebotko2009semantics,
  title={Semantics preserving SPARQL-to-SQL translation},
  author={Chebotko, Artem and Lu, Shiyong and Fotouhi, Farshad},
  journal={Data \& Knowledge Engineering},
  volume={68},
  number={10},
  pages={973--1000},
  year={2009},
  publisher={Elsevier}
}

@article{webstorage,
  title={Web storage},
  author={Hickson, Ian},
  journal={Draft, W3C, October 4th 2011http://dev. w3. org/html5/webstorage/accessed on},
  volume={4},
  number={11},
  year={2011}
}

@misc{hicksonweb,
  title={Web Workers. W3C draft (accessed on Sept. 8, 2010)},
  author={Hickson, I}
}

@inproceedings{pegs,
  title={Parsing expression grammars: a recognition-based syntactic foundation},
  author={Ford, Bryan},
  booktitle={ACM SIGPLAN Notices},
  volume={39},
  number={1},
  pages={111--122},
  year={2004},
  organization={ACM}
}

@article{cyganiak2005relational,
  title={A relational algebra for SPARQL},
  author={Cyganiak, Richard},
  journal={Digital Media Systems Laboratory HP Laboratories Bristol. HPL-2005-170},
  pages={35},
  year={2005}
}

@article{lubm,
  title={LUBM: A benchmark for OWL knowledge base systems},
  author={Guo, Yuanbo and Pan, Zhengxiang and Heflin, Jeff},
  journal={Web Semantics: Science, Services and Agents on the World Wide Web},
  volume={3},
  number={2},
  pages={158--182},
  year={2005},
  publisher={Elsevier}
}

@inproceedings{openid,
  title={OpenID 2.0: a platform for user-centric identity management},
  author={Recordon, David and Reed, Drummond},
  booktitle={Proceedings of the second ACM workshop on Digital identity management},
  pages={11--16},
  year={2006},
  organization={ACM}
}

@article{foaf,
  title={FOAF vocabulary specification 0.98},
  author={Brickley, Dan and Miller, Libby},
  journal={Namespace document},
  volume={9},
  year={2010}
}

@article{engestrom2005some,
  title={Why some social network services work and others don’t-Or: the case for object-centered sociality},
  author={Engestr{\"o}m, Jyri},
  journal={entrada de blog]. En: Zengestrom.< http://www. zengestrom. com/blog/2005/04/why\_some\_social. html},
  year={2005}
}

@article{engestrom1995voice,
  title={Voice as communicative action},
  author={Engestr{\"o}m, Ritva},
  journal={Mind, culture, and activity},
  volume={2},
  number={3},
  pages={192--215},
  year={1995},
  publisher={Taylor \& Francis}
}

@incollection{kinsella2008navigating,
  title={Navigating and annotating semantically-enabled networks of people and associated objects},
  author={Kinsella, Sheila and Harth, Andreas and Troussov, Alexander and Sogrin, Mikhail and Judge, John and Hayes, Conor and Breslin, John G},
  booktitle={Why Context Matters},
  pages={79--96},
  year={2008},
  publisher={Springer}
}

@inproceedings{ding2005tracking,
  title={Tracking rdf graph provenance using rdf molecules},
  author={Ding, Li and Finin, Tim and Peng, Yun and Da Silva, Paulo Pinheiro and McGuinness, Deborah L},
  booktitle={Proc. of the 4th International Semantic Web Conference (Poster)},
  year={2005}
}

@misc{cors,
  title={Cross-Origin Resource Sharing. W3C Working Draft, Version WD-cors-20100727},
  author={van Kesteren, Anne},
  year={2010}
}

@article{d3,
  title={D$^3$ Data-Driven Documents},
  author={Bostock, Michael and Ogievetsky, Vadim and Heer, Jeffrey},
  journal={Visualization and Computer Graphics, IEEE Transactions on},
  volume={17},
  number={12},
  pages={2301--2309},
  year={2011},
  publisher={IEEE}
}

@book{wilkinson2012grammar,
  title={The grammar of graphics},
  author={Wilkinson, Leland},
  year={2012},
  publisher={Springer}
}

@article{atzori2010internet,
  title={The internet of things: A survey},
  author={Atzori, Luigi and Iera, Antonio and Morabito, Giacomo},
  journal={Computer Networks},
  volume={54},
  number={15},
  pages={2787--2805},
  year={2010},
  publisher={Elsevier}
}

@article{hickson2011websocket,
  title={The websocket api},
  author={Hickson, Ian},
  journal={W3C Working Draft WD-websockets-20110929, September},
  year={2011}
}

@article{smith2011hype,
  title={Hype cycle for cloud computing 2011},
  author={Smith, David Mitchell},
  journal={Gartner Inc., Stamford},
  year={2011}
}
